<mx:record xmlns="http://www.w3.org/TR/xhtml1/strict" xmlns:mx="http://www.loc.gov/MARC21/slim" xmlns:xsi="http://www.w3.org/2001/XMLSchema-instance"><mx:leader>00000cz   2200000n  4500</mx:leader><mx:controlfield tag="001">oca00070635 </mx:controlfield><mx:controlfield tag="005">20050427181254.0</mx:controlfield><mx:controlfield tag="008">800710n| acannaabn          |a aaa      </mx:controlfield><mx:datafield ind1=" " ind2=" " tag="010"><mx:subfield code="a">n  50035344 </mx:subfield></mx:datafield><mx:datafield ind1=" " ind2=" " tag="040"><mx:subfield code="a">DLC</mx:subfield><mx:subfield code="c">DLC</mx:subfield><mx:subfield code="d">DLC</mx:subfield><mx:subfield code="d">OClW</mx:subfield><mx:subfield code="d">OOxM-Mu</mx:subfield><mx:subfield code="d">InU</mx:subfield></mx:datafield><mx:datafield ind1=" " ind2="0" tag="053"><mx:subfield code="a">PA8240.A5</mx:subfield></mx:datafield><mx:datafield ind1="0" ind2=" " tag="100"><mx:subfield code="a">Alanus,</mx:subfield><mx:subfield code="c">de Insulis,</mx:subfield><mx:subfield code="d">d. 1202</mx:subfield></mx:datafield><mx:datafield ind1="0" ind2=" " tag="400"><mx:subfield code="a">Alain,</mx:subfield><mx:subfield code="c">de Lille,</mx:subfield><mx:subfield code="d">d. 1202</mx:subfield></mx:datafield><mx:datafield ind1="0" ind2=" " tag="400"><mx:subfield code="a">Alanus,</mx:subfield><mx:subfield code="c">Porretanus,</mx:subfield><mx:subfield code="d">d. 1202</mx:subfield></mx:datafield><mx:datafield ind1="0" ind2=" " tag="400"><mx:subfield code="a">Alan,</mx:subfield><mx:subfield code="c">of Lille,</mx:subfield><mx:subfield code="d">d. 1202</mx:subfield></mx:datafield><mx:datafield ind1="0" ind2=" " tag="400"><mx:subfield code="a">Alanus de Insulis,</mx:subfield><mx:subfield code="d">d. 1202</mx:subfield><mx:subfield code="w">nnaa</mx:subfield></mx:datafield><mx:datafield ind1="0" ind2=" " tag="400"><mx:subfield code="a">Alanus,</mx:subfield><mx:subfield code="c">ab Insulis,</mx:subfield><mx:subfield code="d">d. 1202</mx:subfield></mx:datafield><mx:datafield ind1="0" ind2=" " tag="400"><mx:subfield code="a">Alano,</mx:subfield><mx:subfield code="c">di Lilla,</mx:subfield><mx:subfield code="d">d. 1202</mx:subfield></mx:datafield><mx:datafield ind1="0" ind2=" " tag="400"><mx:subfield code="a">Alanus,</mx:subfield><mx:subfield code="c">Insulanus,</mx:subfield><mx:subfield code="d">d. 1202</mx:subfield></mx:datafield><mx:datafield ind1="1" ind2=" " tag="400"><mx:subfield code="a">Insulis, Alanus de,</mx:subfield><mx:subfield code="d">d. 1202</mx:subfield></mx:datafield><mx:datafield ind1="0" ind2=" " tag="400"><mx:subfield code="a">Alain,</mx:subfield><mx:subfield code="c">de l'Isle,</mx:subfield><mx:subfield code="d">d. 1202</mx:subfield></mx:datafield><mx:datafield ind1="1" ind2=" " tag="400"><mx:subfield code="a">Isle, Alain de l',</mx:subfield><mx:subfield code="d">d. 1202</mx:subfield></mx:datafield><mx:datafield ind1="1" ind2=" " tag="400"><mx:subfield code="a">L'Isle, Alain de,</mx:subfield><mx:subfield code="d">d. 1202</mx:subfield></mx:datafield><mx:datafield ind1="0" ind2=" " tag="400"><mx:subfield code="a">Alain,</mx:subfield><mx:subfield code="c">of Lille,</mx:subfield><mx:subfield code="d">d. 1202</mx:subfield></mx:datafield><mx:datafield ind1="0" ind2=" " tag="400"><mx:subfield code="a">Alain,</mx:subfield><mx:subfield code="c">von Ryssel,</mx:subfield><mx:subfield code="d">d. 1202</mx:subfield></mx:datafield><mx:datafield ind1="1" ind2=" " tag="400"><mx:subfield code="a">Ryssel, Alain von,</mx:subfield><mx:subfield code="d">d. 1202</mx:subfield></mx:datafield><mx:datafield ind1=" " ind2=" " tag="670"><mx:subfield code="a">His The complaint of nature, 1908.</mx:subfield></mx:datafield><mx:datafield ind1=" " ind2=" " tag="670"><mx:subfield code="a">His The plaint of nature, 1980:</mx:subfield><mx:subfield code="b">t.p. (Alan of Lille)</mx:subfield></mx:datafield><mx:datafield ind1=" " ind2=" " tag="670"><mx:subfield code="a">Evans, G. Alan of Lille, 1983:</mx:subfield><mx:subfield code="b">CIP t.p. (Alan of Lille) pref. (d. 1202-3)</mx:subfield></mx:datafield><mx:datafield ind1=" " ind2=" " tag="670"><mx:subfield code="a">Alanus ab Insulis, c1993.</mx:subfield></mx:datafield><mx:datafield ind1=" " ind2=" " tag="670"><mx:subfield code="a">Liber parabolarum, 1993:</mx:subfield><mx:subfield code="b">t.p. (Alano di Lilla)</mx:subfield></mx:datafield><mx:datafield ind1=" " ind2=" " tag="670"><mx:subfield code="a">Anticlaudianus, or, The good and perfect man, c1987:</mx:subfield><mx:subfield code="b">t.p. (Alan of Lille) p. 9-10 (d. between Apr. 14, 1202 and Apr. 5, 1203, using Paschal method of reckoning years; b. 1116 or 1117 based on forensic examination; earlier scholarship had placed his birth ca. 1128)</mx:subfield></mx:datafield><mx:datafield ind1=" " ind2=" " tag="670"><mx:subfield code="a">Foote, A. Vita nostra plena bellis, c1995:</mx:subfield><mx:subfield code="b">p. 2 (Alanus Insulanus)</mx:subfield></mx:datafield><mx:datafield ind1=" " ind2=" " tag="670"><mx:subfield code="a">Cath. encyc.</mx:subfield><mx:subfield code="b">(Alain de L'Isle; also called Alain of Lille, Alanus ab Insulis or de Insulis, Alain von Ryssel, etc.; monk, poet, preacher, theologian, and eclectic philosopher; b. probably at Lille ca. 1128, d. 1203)</mx:subfield></mx:datafield><mx:datafield ind1=" " ind2=" " tag="999"><mx:subfield code="a">160</mx:subfield></mx:datafield></mx:record>